=LDR  01878 am a22004933  4500
=001  002680712
=003  Uk
=005  20190619145506.0
=008  890824m18271829enk\\\\||\\\\||||\||eng\\
=019  x\$a2391410239
=019  x\$a3660180017
=040  \\$aUk$cUk
=245  04$aThe Novitiate's preceptor, or, Religious and literary register for the New Church, signified in the Revelation, Chap. XXI, by the New Jerusalem.
=264  \1$aLondon :$bprinted and published by J.S. Hodson,$c1827-1829.
=300  \\$a3 volumes ;$c(12º)
=336  \\$atext$2rdacontent
=337  \\$aunmediated$2rdamedia
=338  \\$avolume$2rdacarrier
=340  \\$m12mo$2rdabf
=505  0\$aVol. 1. Jan. 1827-Dec. 1827 -- vol. 2. Jan. 1828-Dec. 1828 -- vol. 3. Jan. 1829-Dec. 1829.
=720  \\$aNOVITIATE$emain entry
=852  41$aBritish Library$bHMNTS$j1578/186.
=852  41$aBritish Library$bHMNTS$j1578/849.
=856  41$3Volume 1$uhttp://books.google.co.uk/books?vid=BL:A0019615052$yGoogle_Books
=985  \\$aCorrected by BSS-generated file for WR# 10/107
=985  \\$aCorrected by MS generated file for WR# 1805-0738
=CAT  \\$aCONV$b00$c20040502$lBLL01$h0947
=CAT  \\$aglobal_upd$b40$c20060416$lBLL01$h1507
=CAT  \\$aBATCH$b00$c20091130$lBLL01$h0039
=CAT  \\$aBLSS-CORR$b00$c20100917$lBLL01$h1655
=CAT  \\$aBATCH$b00$c20101223$lBLL01$h1822
=CAT  \\$aWR14_057$b00$c20151129$lBLL01$h1910
=CAT  \\$aW1807-1331$c20180722$lBLL01$h1214
=CAT  \\$a1805-0738$c20181102$lBLL01$h1818
=CAT  \\$a1805-0738$b00$c20181102$lBLL01$h1858
=CAT  \\$a9477$b40$c20190619$lBLL01$h1450
=CAT  \\$a9477$b40$c20190619$lBLL01$h1455
=FIN  \\$aY
=FMT  \\$a  BK
=LAS  \\$a9477$b40$c20190619$lBLL01$h1455
=LEO  \\$aMP1.0002853861
=LEO  \\$aMP1.0004364391
=SRC  \\$aBLS01$bbibmp1.200404.2.ad
=SRC  \\$aBLS01$bbibmp1.200404.2.ae

