=LDR  01842 am a22004933  4500
=001  001769273
=003  Uk
=005  20200826114536.0
=008  950119s1859\\\\gw\\\\\||\\\\||||\||ger\\
=019  x\$a1554440319
=019  x\$a1554450152
=040  \\$aUk$cUk
=245  00$aUngarns Credit-Frage /$cvon einem ungarischen Landwirth.
=264  \1$aLeipzig :$bVerlag von Otto Wigand,$c1859.
=300  \\$a28 pages ;$c22 cm (8º)
=336  \\$atext$2rdacontent
=337  \\$aunmediated$2rdamedia
=338  \\$avolume$2rdacarrier
=650  \0$aCredit$zHungary.
=650  \0$aIncome$zHungary.
=700  1\$3Copy at Hung.1.c.128.$aWaltherr, László,$d1788-1865,$eformer owner.$5Uk
=852  41$aBritish Library$bHMNTS$j8223.aa.18.
=852  41$aBritish Library$bHMNTS$jHung.1.c.128.
=856  41$3Copy at 8223.aa.18.$uhttp://books.google.com/books?vid=BL:A0017259058$yGoogle_Books
=883  0\$aLanguage codes assigned by Bayesian analysis of words present in record$d20181024$qUk$c0.997
=985  \\$aCorrected by BSS-generated file for WR# 10/107
=985  \\$aCorrected by MS generated file for WR# 1805-0738
=CAT  \\$aCONV$b00$c20040502$lBLL01$h0927
=CAT  \\$aBATCH$b00$c20091128$lBLL01$h2333
=CAT  \\$aBLSS-CORR$b00$c20100917$lBLL01$h1642
=CAT  \\$aWR14_057$b00$c20140606$lBLL01$h2010
=CAT  \\$aWR14_057$c20140610$lBLL01$h1603
=CAT  \\$a1805-0738$c20181012$lBLL01$h1823
=CAT  \\$a1805-0738$b00$c20181012$lBLL01$h1856
=CAT  \\$aW1903-1550$b00$c20190531$lBLL01$h1751
=CAT  \\$aW2001-2376$c20200515$lBLL01$h1941
=CAT  \\$a9477$b40$c20200826$lBLL01$h1137
=CAT  \\$a9477$b40$c20200826$lBLL01$h1145
=FIN  \\$aY
=FMT  \\$a  BK
=LAS  \\$a9477$b40$c20200826$lBLL01$h1145
=LEO  \\$aMP1.0001864827
=LEO  \\$aMP1.0001864848
=SRC  \\$aBLS01$bbibmp1.200404.2.ac

