=LDR  02333cam a22005173  4500
=001  000112108
=003  Uk
=005  20220615164000.0
=008  871208|1598||||fr\\\\\||\\\\||||\||lat\\
=019  x\$a0110890183
=040  \\$aUk$cUk
=100  0\$aAristotle.
=240  10$aSingle Works. Meteorologica. Greek and Latin
=245  10$a[Francisci Vicomercati ... in quatuor libros Aristotelis Meteorologicorum commentarii. Et eorundem librorum e græco in latinum per eundem conuersio, etc.]
=264  \1$aLutetiæ Parisiorum :$bApud F. Morellum,$c1598.
=300  \\$a2 parts ;$c(folio)
=336  \\$atext$2rdacontent
=337  \\$aunmediated$2rdamedia
=338  \\$avolume$2rdacarrier
=340  \\$mfolio$2rdabf
=700  1\$aVICOMERCATUS, Franciscus.
=787  0\$tFrancisci Vicomercati ... in quatuor libros Aristotelis Meteorologicorum commentarii. Et eorundem librorum e græco in latinum per eundem conuersio, etc.$w(Uk)MP1.0000127770$d2 pt. Apud Vascosanum: Lutetiæ Parisiorum, 1556. fol.
=852  41$aBritish Library$bHMNTS$j520.l.12.
=856  41$31$uhttp://books.google.com/books?vid=BL:A0021642396$yGoogle_Books Volume 1
=856  41$32$uhttp://books.google.com/books?vid=BL:A0021642397$yGoogle_Books Volume 2
=883  0\$aLanguage codes assigned by Bayesian analysis of words present in record$d20201028$qUk$c0.9010
=886  2\$2blmarc$a709$b00$aVICOMERCATUS$hFranciscus$pC.76.g.3.$x3392850071$p520.l.12.$x3392850071
=985  \\$aDisaggregated record: Type B
=985  \\$aCorrected by MS generated file for WR# 1805-0738
=985  \\$aCorrected by MS generated file for WR# 2206-0922 (250 field removed)
=CAT  \\$aCONV$b00$c20040502$lBLL01$h0851
=CAT  \\$c20041109$lBLL01$h1637
=CAT  \\$aBLC-CORR$b00$c20080905$lBLL01$h1545
=CAT  \\$aBATCH$b00$c20091125$lBLL01$h2331
=CAT  \\$aBATCH-UPD$b00$c20160312$lBLL01$h1832
=CAT  \\$aWR14_057$b00$c20170207$lBLL01$h1649
=CAT  \\$aW1807-1331$c20180719$lBLL01$h1725
=CAT  \\$a1805-0738$c20180907$lBLL01$h1946
=CAT  \\$a1805-0738$b00$c20180907$lBLL01$h2030
=CAT  \\$aW2201-1476$b00$c20220128$lBLL01$h1756
=CAT  \\$aW2206-0922$c20220615$lBLL01$h1640
=FIN  \\$aY
=FMT  \\$a  BK
=LAS  \\$aW2206-0922$b00$c20220615$lBLL01$h1640
=LEO  \\$aMP1.0000127770.1
=SRC  \\$aBLS01$bbibmp1.200404.2.aa

