=LDR  02853cam a22006133  4500
=001  000706961
=003  Uk
=005  20220615164822.0
=008  880229|1770||||ie\\\\\||\\\\||||\||eng\\
=019  x\$a0625070305
=040  \\$aUk$cUk
=245  16$a[[The Circle of the Sciences.] [Edited by John Newbery?]]
=264  \1$aDublin :$bP. & W. Wilson, etc,$c[1770?]
=300  \\$a7 volumes ;$c(16º)
=336  \\$atext$2rdacontent
=337  \\$aunmediated$2rdamedia
=338  \\$avolume$2rdacarrier
=340  \\$m16mo$2rdabf
=500  \\$aVol. 2-7 are of the fourth edition and bear the imprint of H. Saunders, etc. Vol. 2, 3, 5-7 bear the date 1770.
=700  1\$aNewbery, John,$d1713-1767.
=720  \\$aCIRCLE$emain entry
=787  0\$t[The Circle of the Sciences.] [Edited by John Newbery?]$w(Uk)MP1.0000744387$dvol. 2, 4-7. J. Newbery: London, 1745, 46. 16º.
=852  41$aBritish Library$bHMNTS$j945.aa.2.
=856  41$31$uhttp://books.google.com/books?vid=BL:A0021173708$yGoogle_Books Volume 1
=856  41$32$uhttp://books.google.com/books?vid=BL:A0021173709$yGoogle_Books Volume 2
=856  41$33$uhttp://books.google.com/books?vid=BL:A0021173710$yGoogle_Books Volume 3
=856  41$34$uhttp://books.google.com/books?vid=BL:A0021173711$yGoogle_Books Volume 4
=856  41$35$uhttp://books.google.com/books?vid=BL:A0021173712$yGoogle_Books Volume 5
=856  41$36$uhttp://books.google.com/books?vid=BL:A0021173713$yGoogle_Books Volume 6
=856  41$37$uhttp://books.google.com/books?vid=BL:A0021173714$yGoogle_Books Volume 7
=883  0\$aLanguage codes assigned by Bayesian analysis of words present in record$d20201028$qUk$c0.9010
=886  2\$2blmarc$a709$b00$aNEWBERY$hJohn$fPublisher$p814.a.1.$x2353120318$p945.aa.1.$x235312030X$p945.aa.2.$x2353120296
=985  \\$aCorrected by BSS-generated file
=985  \\$aCorrected by MS generated file for WR# 11/211
=985  \\$aCorrected by MS generated file for WR# 1805-0738
=985  \\$aCorrected by MS generated file for WR# 2206-0922 (250 field removed)
=CAT  \\$aCONV$b00$c20040502$lBLL01$h0903
=CAT  \\$aBLSS-CORR$b00$c20080625$lBLL01$h1724
=CAT  \\$aBATCH$b00$c20091126$lBLL01$h2335
=CAT  \\$aWR11_211$c20140131$lBLL01$h1703
=CAT  \\$aBLSS-CORR$b00$c20140131$lBLL01$h1716
=CAT  \\$aBATCH-UPD$b00$c20160407$lBLL01$h0205
=CAT  \\$aWR14_057$b00$c20170207$lBLL01$h1649
=CAT  \\$aW1804-1393$c20180602$lBLL01$h0639
=CAT  \\$a1805-0738$c20180921$lBLL01$h1805
=CAT  \\$a1805-0738$b00$c20180921$lBLL01$h1847
=CAT  \\$a5100$b40$c20190205$lBLL01$h1104
=CAT  \\$aW2201-1476$b00$c20220128$lBLL01$h1820
=CAT  \\$aW2206-0922$c20220615$lBLL01$h1648
=FIN  \\$aY
=FMT  \\$a  BK
=LAS  \\$aW2206-0922$b00$c20220615$lBLL01$h1648
=LEO  \\$aMP1.0000744387.5
=SRC  \\$aBLS01$bbibmp1.200404.2.aa

